% Encoding: UTF-8
@Article{Aimone2015,
  author    = {Jason A. Aimone and Sheryl Ball and Brooks King-Casas},
  journal   = {{PLoS} {ONE}},
  title     = {The Betrayal Aversion Elicitation Task: An Individual Level Betrayal Aversion Measure},
  year      = {2015},
  month     = {sep},
  number    = {9},
  pages     = {e0137491},
  volume    = {10},
  doi       = {10.1371/journal.pone.0137491},
  editor    = {Daniel Houser},
  publisher = {Public Library of Science ({PLoS})},
}

@Article{Armantier2016,
  author    = {Olivier Armantier and Nicolas Treich},
  journal   = {Management Science},
  title     = {The Rich Domain of Risk},
  year      = {2016},
  month     = {jul},
  number    = {7},
  pages     = {1954--1969},
  volume    = {62},
  doi       = {10.1287/mnsc.2015.2215},
  publisher = {Institute for Operations Research and the Management Sciences ({INFORMS})},
}

@TechReport{Bacine2018,
  author = {Noah Bacine and Catherine C. Eckel},
  title  = {Trust and Betrayal: An Investigation into the Influence of Identity},
  year   = {2018},
  type   = {Working paper},
  url    = {https://drive.google.com/file/d/1ZOauozcwF4LN-yF_nUYC2ufsCGwbyj4I/view},
}

@Article{Becker1964,
  author  = {Becker, G.M. and DeGroot, M.H. and Marshak, J.},
  journal = {Behavioral Science},
  title   = {Measuring utility by a single-response sequential method},
  year    = {1964},
  pages   = {226--232},
  volume  = {9},
}

@Article{Berg1995,
  author  = {Joyce Berg and John Dickhaut and Kevin McCabe},
  journal = {Games and Economic Behavior},
  title   = {Trust, Reciprocity and Social History},
  year    = {1995},
  number  = {1},
  pages   = {122--142},
  volume  = {10},
}

@Article{Bohnet2004,
  author    = {Iris Bohnet and Richard Zeckhauser},
  title     = {Trust, risk and betrayal},
  journal   = {Journal of Economic Behavior {\&} Organization},
  year      = {2004},
  volume    = {55},
  number    = {4},
  pages     = {467--484},
  month     = {dec},
  doi       = {10.1016/j.jebo.2003.11.004},
  publisher = {Elsevier {BV}},
}

@Article{Bohnet2008,
  author    = {Iris Bohnet and Fiona Greig and Benedikt Herrmann and Richard Zeckhauser},
  title     = {Betrayal Aversion: Evidence from {B}razil, {C}hina, {O}man, {S}witzerland, {T}urkey, and the {U}nited {S}tates},
  journal   = {American Economic Review},
  year      = {2008},
  volume    = {98},
  number    = {1},
  pages     = {294--310},
  month     = {feb},
  doi       = {10.1257/aer.98.1.294},
  publisher = {American Economic Association},
}

@Article{Butler2018,
  author    = {Jeffrey V. Butler and Joshua B. Miller},
  title     = {Social Risk and the Dimensionality of Intentions},
  journal   = {Management Science},
  year      = {2018},
  volume    = {64},
  number    = {6},
  pages     = {2787--2796},
  month     = jun,
  issn      = {1526-5501},
  doi       = {10.1287/mnsc.2016.2694},
  publisher = {Institute for Operations Research and the Management Sciences ({INFORMS})},
}

@Article{Cheek2017,
  author    = {Nathan N. Cheek and Julie K. Norem},
  journal   = {Personality and Individual Differences},
  title     = {Holistic thinkers anchor less: Exploring the roles of self-construal and thinking styles in anchoring susceptibility},
  year      = {2017},
  month     = {sep},
  pages     = {174--176},
  volume    = {115},
  doi       = {10.1016/j.paid.2016.01.034},
  publisher = {Elsevier {BV}},
}

@Article{Dohmen2011,
  author    = {Thomas Dohmen and Armin Falk and David Huffman and Uwe Sunde and JÃ¼rgen Schupp and Gert G. Wagner},
  journal   = {Journal of the European Economic Association},
  title     = {Individual Risk Attitudes: Measurement, Determinants, and Behavioral Consequences},
  year      = {2011},
  month     = {mar},
  number    = {3},
  pages     = {522--550},
  volume    = {9},
  doi       = {10.1111/j.1542-4774.2011.01015.x},
  publisher = {Oxford University Press ({OUP})},
}

@TechReport{Engelmann2021,
  author = {Dirk Engelmann and Jana Friedrichsen and Roel {van Veldhuizen} and Pauline Vorjohann and Joachim Winter},
  title  = {Decomposing Trust},
  year   = {2021},
  type   = {Personal correspondence},
}

@Article{Fairley2016,
  author    = {Kim Fairley and Alan Sanfey and Jana Vyrastekova and Utz Weitzel},
  title     = {Trust and risk revisited},
  journal   = {Journal of Economic Psychology},
  year      = {2016},
  volume    = {57},
  pages     = {74--85},
  month     = {dec},
  doi       = {10.1016/j.joep.2016.10.001},
  publisher = {Elsevier {BV}},
}

@Article{Fetchenhauer2012,
  author    = {Detlef Fetchenhauer and David Dunning},
  title     = {Betrayal aversion versus principled trustfulness{\textemdash}How to explain risk avoidance and risky choices in trust games},
  journal   = {Journal of Economic Behavior {\&} Organization},
  year      = {2012},
  volume    = {81},
  number    = {2},
  pages     = {534--541},
  month     = {feb},
  doi       = {10.1016/j.jebo.2011.07.017},
  publisher = {Elsevier {BV}},
}

@Article{Frederick2005,
  author    = {Shane Frederick},
  journal   = {Journal of Economic Perspectives},
  title     = {Cognitive Reflection and Decision Making},
  year      = {2005},
  month     = {nov},
  number    = {4},
  pages     = {25--42},
  volume    = {19},
  doi       = {10.1257/089533005775196732},
  publisher = {American Economic Association},
}

@Article{Horowitz2006,
  author    = {John K. Horowitz},
  journal   = {Economics Letters},
  title     = {The {B}ecker--{DeGroot}--{M}arschak mechanism is not necessarily incentive compatible, even for non-random goods},
  year      = {2006},
  month     = {oct},
  number    = {1},
  pages     = {6--11},
  volume    = {93},
  doi       = {10.1016/j.econlet.2006.03.033},
  publisher = {Elsevier {BV}},
}

@Article{Karni1987,
  author  = {Edi Karni and Zvi Safra},
  journal = {Econometrica},
  title   = {``{P}reference Reversal" and the Observability of Preferences by Experimental Methods},
  year    = {1987},
  month   = may,
  number  = {3},
  pages   = {675--685},
  volume  = {55},
}

@Article{Koszegi2006,
  author    = {Botond K{\H{o}}szegi and Matthew Rabin},
  journal   = {The Quarterly Journal of Economics},
  title     = {A Model of Reference-Dependent Preferences},
  year      = {2006},
  month     = {nov},
  number    = {4},
  pages     = {1133--1165},
  volume    = {121},
  doi       = {10.1093/qje/121.4.1133},
  publisher = {Oxford University Press ({OUP})},
}

@Article{Koszegi2007,
  author    = {Botond K{\H{o}}szegi and Matthew Rabin},
  journal   = {American Economic Review},
  title     = {Reference-Dependent Risk Attitudes},
  year      = {2007},
  month     = {aug},
  number    = {4},
  pages     = {1047--1073},
  volume    = {97},
  doi       = {10.1257/aer.97.4.1047},
  publisher = {American Economic Association},
}

@Article{Li2020a,
  author    = {Chen Li and Uyanga Turmunkh and Peter P. Wakker},
  journal   = {Games and Economic Behavior},
  title     = {Social and strategic ambiguity versus betrayal aversion},
  year      = {2020},
  month     = {sep},
  pages     = {272--287},
  volume    = {123},
  doi       = {10.1016/j.geb.2020.07.007},
  publisher = {Elsevier {BV}},
}

@Article{Marzilli2011,
  author    = {Keith M. {Marzilli Ericson} and Andreas Fuster},
  journal   = {The Quarterly Journal of Economics},
  title     = {Expectations as Endowments: Evidence on Reference-Dependent Preferences from Exchange and Valuation Experiments},
  year      = {2011},
  month     = {oct},
  number    = {4},
  pages     = {1879--1907},
  volume    = {126},
  doi       = {10.1093/qje/qjr034},
  publisher = {Oxford University Press ({OUP})},
}

@Article{Parducci1965,
  author  = {Allen Parducci},
  journal = {Psychological Review},
  title   = {Category judgment: A range-frequency model},
  year    = {1965},
  month   = nov,
  number  = {6},
  pages   = {407--418},
  volume  = {72},
}

@Article{Parducci1971,
  author    = {Allen Parducci and Linda F. Perrett},
  journal   = {Journal of Experimental Psychology},
  title     = {Category rating scales: Effects of relative spacing and frequency of stimulus values.},
  year      = {1971},
  month     = {aug},
  number    = {2},
  pages     = {427--452},
  volume    = {89},
  doi       = {10.1037/h0031258},
  publisher = {American Psychological Association ({APA})},
}

@TechReport{Polipciuc2022inout,
  author = {Maria Polipciuc},
  title  = {Group identity and betrayal: decomposing trust},
  year   = {2022},
  type   = {Working paper},
}

@TechReport{Polipciuc2022motive,
  author = {Maria Polipciuc and Martin Strobel},
  title  = {Betrayal aversion with and without a motive},
  year   = {2022},
  type   = {Working paper},
}

@Article{Prelec1998,
  author  = {Drazen Prelec},
  journal = {Econometrica},
  title   = {The Probability Weighting Function},
  year    = {1998},
  month   = may,
  number  = {3},
  pages   = {497--527},
  volume  = {66},
}

@Article{Quercia2016,
  author    = {Simone Quercia},
  title     = {Eliciting and measuring betrayal aversion using the {BDM} mechanism},
  journal   = {Journal of the Economic Science Association},
  year      = {2016},
  volume    = {2},
  number    = {1},
  pages     = {48--59},
  month     = {jan},
  doi       = {10.1007/s40881-015-0021-3},
  publisher = {Springer Nature},
}

@Article{Thomson2016,
  author  = {Keela S. Thomson and Daniel M. Oppenheimer},
  journal = {Judgment and Decision Making},
  title   = {Investigating an alternate form of the cognitive reflection test},
  year    = {2016},
  month   = jan,
  number  = {1},
  pages   = {99--113},
  volume  = {11},
}

@Article{Scheier1994,
  author  = {Scheier, Michael F. and Carver, Charles S. and Bridges, Michael W.},
  journal = {Journal of Personality and Social Psychology},
  title   = {Distinguishing optimism from neuroticism (and trait anxiety, self-mastery, and self-esteem): A reevaluation of the {L}ife {O}rientation {T}est.},
  year    = {1994},
  month   = dec,
  pages   = {1063--1078},
  volume  = {67(6)},
}

@Article{Schmeidler1989,
  author  = {David Schmeidler},
  journal = {Econometrica},
  title   = {Subjective Probability and Expected Utility without Additivity},
  year    = {1989},
  month   = {may},
  number  = {3},
  pages   = {571},
  volume  = {57},
  doi     = {10.2307/1911053},
}

@Article{Starmer2000,
  author  = {Chris Starmer},
  journal = {Journal of Economic Literature},
  title   = {Developments in Non-Expected Utility Theory: The Hunt for a Descriptive Theory of Choice under Risk},
  year    = {2000},
  month   = jun,
  number  = {2},
  pages   = {332--382},
  volume  = {38},
  url     = {https://www.jstor.org/stable/pdf/2565292.pdf},
}

@Article{Stephenson2003,
  author    = {Michael T Stephenson and Rick H Hoyle and Philip Palmgreen and Michael D Slater},
  journal   = {Drug and Alcohol Dependence},
  title     = {Brief measures of sensation seeking for screening and large-scale surveys},
  year      = {2003},
  month     = {dec},
  number    = {3},
  pages     = {279--286},
  volume    = {72},
  doi       = {10.1016/j.drugalcdep.2003.08.003},
  publisher = {Elsevier {BV}},
}

@Article{Strahilevitz1998,
  author    = {Michal~A. Strahilevitz and George Loewenstein},
  journal   = {Journal of Consumer Research},
  title     = {The Effect of Ownership History on the Valuation of Objects},
  year      = {1998},
  month     = {dec},
  number    = {3},
  pages     = {276--289},
  volume    = {25},
  doi       = {10.1086/209539},
  publisher = {Oxford University Press ({OUP})},
}

@Article{Tymula2016,
  author    = {Agnieszka Tymula and Eva W\"{o}lbert and Paul Glimcher},
  journal   = {Journal of Neuroscience, Psychology, and Economics},
  title     = {Flexible valuations for consumer goods as measured by the {B}ecker{\textendash}{DeGroot}{\textendash}{M}arschak mechanism.},
  year      = {2016},
  number    = {2},
  pages     = {65--77},
  volume    = {9},
  doi       = {10.1037/npe0000057},
  publisher = {American Psychological Association ({APA})},
}

@Article{Wenner2015,
  author    = {Lukas M. Wenner},
  journal   = {European Economic Review},
  title     = {Expected prices as reference points{\textemdash}{T}heory and experiments},
  year      = {2015},
  month     = {apr},
  pages     = {60--79},
  volume    = {75},
  doi       = {10.1016/j.euroecorev.2015.01.001},
  publisher = {Elsevier {BV}},
}



@Comment{jabref-meta: databaseType:bibtex;}
